
@MISC{Skibinski,
  author = {Jan Skibinski},
  title = {Numeric {Q}uest},
  url = {http://www.haskell.org/haskellwiki/Numeric_Quest}
}
@inproceedings{repa,
 author = {Lippmeier, Ben and Chakravarty, Manuel and Keller, Gabriele and Peyton Jones, Simon},
 title = {Guiding parallel array fusion with indexed types},
 booktitle = {Proceedings of the 2012 symposium on Haskell symposium},
 series = {Haskell '12},
 year = {2012},
 isbn = {978-1-4503-1574-6},
 location = {Copenhagen, Denmark},
 pages = {25--36},
 numpages = {12},
 url = {http://doi.acm.org/10.1145/2364506.2364511},
 doi = {10.1145/2364506.2364511},
 acmid = {2364511},
 publisher = {ACM},
 address = {New York, NY, USA},
 keywords = {arrays, data parallelism, haskell},
} 
@inproceedings{Strictness,
 author = {Mycroft, Alan},
 title = {The Theory and Practice of Transforming Call-by-need into Call-by-value},
 booktitle = {Proceedings of the Fourth 'Colloque International sur la Programmation' on International Symposium on Programming},
 year = {1980},
 isbn = {3-540-09981-6},
 pages = {269--281},
 numpages = {13},
 url = {http://dl.acm.org/citation.cfm?id=647324.721526},
 acmid = {721526},
 publisher = {Springer-Verlag},
 address = {London, UK, UK},
} 

@MISC{bang,
  author = {Ben Lippmeier},
  title = {{Data.Array.Repa} {H}addock documentation},
  url = {http://hackage.haskell.org/packages/archive/repa/latest/doc/html/Data-Array-Repa.html}
}

@MISC{ghc,
  author = {The {GHC} Team},
  title = {The {Glorious Glasgow Haskell Compilation System} User's Guide},
  url = {http://www.haskell.org/ghc/docs/latest/html/users_guide/}
}

@MISC{strategies,
  author = {Simon Marlow},
  title = {{Control.Parallel.Strategies} {H}addock documentation},
  url = {http://hackage.haskell.org/packages/archive/parallel/latest/doc/html/Control-Parallel-Strategies.html}
}


@MISC{repaExam,
  author = {Ben Lippmeier},
  title = {The repa-examples package},
  url = {http://hackage.haskell.org/package/repa-examples}
}

@MISC{software,
  author = {Wikipedia},
  title = {List of quantum chemistry and solid-state physics software},
  url = {http://en.wikipedia.org/wiki/List_of_quantum_chemistry_and_solid-state_physics_software}
}

@MISC{banned,
  author = {Anonymous},
  title = {Banned {B}y {G}aussian},
  url = {http://www.bannedbygaussian.org/}
}
